@misc{Reference4,
	title = {Implications of the end-to-end principle},
	howpublished = {\url{https://groups.yahoo.com/neo/groups/decentralization/conversations/topics/3160}},
  	note = {Accessed: 06-05-2014}
}

@misc{uTorrent,
  title = {uTorrent official website},
  howpublished = {\url{http://www.utorrent.com/}},
  note = {Accessed: 06-05-2014}
}

@misc{rTorrent,
  title = {rTorrent official website},
  howpublished = {\url{http://libtorrent.rakshasa.no/}},
  note = {Accessed: 06-05-2014}
}

@misc{Vuze,
  title = {Vuze official website},
  howpublished = {\url{http://www.vuze.com/}},
  note = {Accessed: 06-05-2014}
}

@misc{RaspberryPi,
  title = {Rasperry Pi official website},
  howpublished = {\url{http://www.raspberrypi.org/}},
  note = {Accessed: 06-05-2014}
}

@misc{Raspbian,
  title = {Raspbian official website},
  howpublished = {\url{http://www.raspbian.org/}},
  note = {Accessed: 06-05-2014}
}

@misc{ruTorrent,
  title = {ruTorrent official website},
  howpublished = {\url{https://code.google.com/p/rutorrent/}},
  note = {Accessed: 06-05-2014}
}

@misc{TorrentFlux,
  title = {TorrentFlux official website},
  howpublished = {\url{http://tf-b4rt.berlios.de/}},
  note = {Accessed: 06-05-2014}
}

@misc{PHP,
  title = {PHP official website},
  howpublished = {\url{http://www.php.net/}},
  note = {Accessed: 06-05-2014}
}

@misc{Apache,
  title = {Apache official website},
  howpublished = {\url{http://www.apache.org/}},
  note = {Accessed: 06-05-2014}
}

@misc{Node,
  title = {Node.js official website},
  howpublished = {\url{http://nodejs.org/}},
  note = {Accessed: 06-05-2014}
}

@misc{WebSphere,
  title = {WebSphere official website},
  howpublished = {\url{http://www-03.ibm.com/software/products/en/appserv-was/}},
  note = {Accessed: 06-05-2014}
}

@misc{GlassFish,
  title = {GlassFish official website},
  howpublished = {\url{https://glassfish.java.net/}},
  note = {Accessed: 06-05-2014}
}

@misc{express,
  title = {express official website},
  howpublished = {\url{http://expressjs.com/}},
  note = {Accessed: 06-05-2014}
}

@misc{jade,
  title = {jade official website},
  howpublished = {\url{http://jade-lang.com/}},
  note = {Accessed: 06-05-2014}
}

@misc{AngularJS,
  title = {AngularJS official website},
  howpublished = {\url{http://angularjs.org/}},
  note = {Accessed: 06-05-2014}
}

@misc{Bootstrap,
  title = {Bootstrap official website},
  howpublished = {\url{http://getbootstrap.com/}},
  note = {Accessed: 06-05-2014}
}

@misc{XML-RPC,
  title = {XML-RPC specification website},
  howpublished = {\url{http://xmlrpc.scripting.com/default.html}},
  note = {Accessed: 06-05-2014}
}

@misc{SCGI,
  title = {SCGI specification website},
  howpublished = {\url{http://python.ca/scgi/protocol.txt}},
  note = {Accessed: 06-05-2014}
}

@misc{GitHub,
  title = {GitHub website},
  howpublished = {\url{https://github.com/}},
  note = {Accessed: 06-05-2014}
}





























